% Encoding: UTF-8


@misc{FordHutchinson2005,
 author = {P. Ford-Hutchinson},
 file = {:../Quellen/rfc4217.pdf:PDF},
 month = {5},
 note = {\href{run:./Quellen/rfc4217.pdf}{export.pdf}},
 number = {4217},
 title = {Securing FTP with TLS},
 type = {RFC 4217},
 url = {https://tools.ietf.org/html/rfc4217},
 urldate = {2020-10-06},
 year = {2005}
}

@misc{heise:ssh:win10:2018,
 author = {Heise},
 month = {11},
 note = {\href{run:./Quellen/heise_ssh_win10_2018.pdf}{export.pdf}},
 title = {SSH unter Windows 10 nutzen},
 url = {https://www.heise.de/tipps-tricks/SSH-unter-Windows-10-nutzen-4224757.html},
 urldate = {2020-10-06},
 year = {2018}
}

@misc{itwissen:2016,
 author = {itwissen},
 month = {7},
 note = {\href{run:./Quellen/itwissen_2016.pdf}{export.pdf}},
 title = {SCP-Protokoll},
 url = {https://www.itwissen.info/SCP-secure-copy-protocol-SCP-Protokoll.html},
 urldate = {2020-10-06},
 year = {2016}
}

@conference{Kriesel2016,
 author = {David Kriesel},
 month = {12},
 note = {\href{run:./Quellen/spiegelmining-33c3-davidkriesel.pdf}{Vortrag.pdf}},
 title = {SpiegelMining},
 url = {HTTP://WWW.DKRIESEL.COM/SPIEGELMINING},
 urldate = {2020-10-06},
 year = {2016}
}

@misc{Lottor1984,
 author = {Mark K. Lottor},
 month = {9},
 note = {\href{run:./Quellen/rfc913.pdf}{export.pdf}},
 number = {913},
 title = {Simple File Transfer Protocol},
 type = {RFC 913},
 url = {https://tools.ietf.org/html/rfc913},
 urldate = {2020-10-06},
 year = {1984}
}

@misc{mail:anhang::2020,
 author = {email-vergleich.com},
 note = {\href{run:./Quellen/email_anhang_groesse.pdf}{export.pdf}},
 title = {Mit welchem E-Mail Dienst kann ich den größten Anhang versenden?},
 url = {https://www.email-vergleich.com/tag/e-mail-anhang-grosse/},
 urldate = {2020-08-04}
}

@misc{Microsoft2020,
 author = {Microsoft},
 month = {8},
 note = {\href{run:./Quellen/MS-SMB2.pdf}{export.pdf}},
 title = {Server Message Bloc},
 url = {https://winprotocoldoc.blob.core.windows.net/productionwindowsarchives/MS-SMB2/[MS-SMB2].pdf},
 urldate = {2020-10-06},
 year = {2020}
}

@misc{netzwerkaufbau:bild:2020,
 author = {Harald Mühlböck},
 month = {6},
 note = {\href{run:./Quellen/netzwerkaufbau_bild_2020.pdf}{export.pdf}},
 title = {Netzwerkaufbau},
 url = {https://de.wikipedia.org/wiki/Externe_Firewall#/media/Datei:Gateway_firewall.svg},
 urldate = {2020-10-06},
 year = {2006}
}

@misc{paramiko:2020,
 author = {Paramiko},
 note = {\href{run:./Quellen/paramiko_2020.pdf}{export.pdf}},
 timestamp = {2020-08-05},
 title = {Welcome to Paramiko’s documentation!},
 url = {http://docs.paramiko.org/en/stable/},
 urldate = {2020-10-06}
}

@misc{Postel1982,
 author = {Jonathan B. Postel},
 month = {8},
 note = {\href{run:./Quellen/rfc821.pdf}{export.pdf}},
 number = {821},
 title = {SIMPLE MAIL TRANSFER PROTOCOL},
 type = {RFC 821},
 url = {https://tools.ietf.org/html/rfc821},
 urldate = {2020-10-06},
 year = {1982}
}

@misc{reynolds1985,
 author = {J. Postel, J. Reynolds},
 month = {10},
 note = {\href{run:./Quellen/rfc959.pdf}{export.pdf}},
 number = {959},
 timestamp = {2020-08-11},
 title = {FILE TRANSFER PROTOCOL (FTP)},
 type = {RFC 959},
 url = {https://tools.ietf.org/html/rfc959},
 urldate = {2020-10-06},
 year = {1985}
}

@misc{softronics:2020,
 author = {Softronics},
 month = {8},
 note = {\href{run:./Quellen/softronics_2020.pdf}{export.pdf}},
 title = {FTP vs. FTPES / FTPS und SFTP – was ist der Unterschied?},
 url = {https://www.softronics.ch/de/support/1/ftp/45/ftp-vs-ftpes-ftps-und-sftp-was-ist-der-unterschied},
 urldate = {2020-10-06},
 year = {2020}
}

@misc{websecuritas:vpn:2020,
 author = {websecuritas},
 note = {\href{run:./Quellen/websecuritas_vpn_2020.pdf}{export.pdf}},
 title = {Was ist VPN?},
 url = {https://www.websecuritas.com/was-ist-vpn/},
 urldate = {2020-10-06}
}

@Misc{Deadlyhappen2014,
  author  = {Deadlyhappen},
  month   = {12},
  title   = {Osi Iso Schichtenmodell},
  year    = {2014},
  url     = {https://de.wikipedia.org/wiki/Datei:ISO-OSI-7-Schichten-Modell(in_Deutsch).svg},
  urldate = {2020-10-20},
}

@Misc{Bluepoke2009,
  author  = {Bluepoke},
  month   = {02},
  title   = {Ethernet-Datenblockformat Ethernet-II nach IEEE 802.3},
  year    = {2009},
  url     = {https://de.wikipedia.org/wiki/Ethernet#/media/Datei:Ethernetpaket.svg},
  urldate = {2020-10-20},
}

@Misc{Layer12018,
  author  = {Stefan Luber, Andreas Donner},
  month   = {08},
  note    = {\href{run:./Quellen/ip_insider_layer_1.pdf}{export.pdf}},
  title   = {Was ist Layer 1},
  year    = {2018},
  url     = {https://www.ip-insider.de/was-ist-layer-1-a-651840/},
  urldate = {2020-10-21},
}

@Misc{Layer22018,
  author  = {Stefan Luber, Andreas Donner},
  month   = {08},
  note    = {\href{run:./Quellen/ip_insider_layer_2.pdf}{export.pdf}},
  title   = {Was ist Layer 2},
  year    = {2018},
  url     = {https://www.ip-insider.de/was-ist-layer-2-a-651843/},
  urldate = {2020-10-20},
}

@Misc{Layer32018,
  author  = {Stefan Luber, Andreas Donner},
  month   = {08},
  note    = {\href{run:./Quellen/ip_insider_layer_3.pdf}{export.pdf}},
  title   = {Was ist Layer 3},
  year    = {2018},
  url     = {https://www.ip-insider.de/was-ist-layer-3-a-651848/},
  urldate = {2020-10-21},
}

@Misc{VLAN:Krenn,
  author  = {Thomas Krenn},
  month   = {04},
  note    = {\href{run:./Quellen/VLAN_Krenn.pdf}{export.pdf}},
  title   = {VLAN Grundlagen},
  year    = {2019},
  url     = {https://www.thomas-krenn.com/de/wiki/VLAN_Grundlagen},
  urldate = {2020-11-03},
}

@Misc{SmtpLib,
  author  = {The Python Standard Library},
  month   = {03},
  note    = {\href{run:./Quellen/smtplib.pdf}{export.pdf}},
  title   = {smtplib},
  year    = {2020},
  url     = {https://docs.python.org/3/library/smtplib.html},
  urldate = {2020-11-03},
}

@Misc{BeispielSmtp,
  author  = {elektronik-kompendium},
  month   = {11},
  note    = {\href{run:./Quellen/EmailAufbau.pdf}{export.pdf}},
  title   = {Email Aufbau},
  year    = {2020},
  url     = {https://www.elektronik-kompendium.de/sites/net/0903081.htm},
  urldate = {2020-11-03},
}

@article{ct_13/2011,
    author  = {Heise},
    title = {Systemd},
    journal = {c't},
    volume = {13},
    year = {2011},
    pages = {6--7},
}

@Misc{InitSystemd,
  author  = {Thorsten Leemhuis and Kay Sievers and Lennart Poettering},
  month   = {05},
  note    = {\href{run:./Quellen/InitSystemd.pdf}{export.pdf}},
  title   = {Das Init-System Systemd},
  year    = {2012},
  url     = {https://www.heise.de/ct/artikel/Das-Init-System-Systemd-Teil-1-1563259.html?seite=all},
  urldate = {2020-11-09},
}

@Misc{SystemdMan,
  author  = {Systemd},
  title   = {Systemd Manual},
  url     = {http://0pointer.de/public/systemd-man/index.html},
  urldate = {2020-11-09},
}

@BOOK{SpringerKryptographie:2020,
  author      = {Prof. Dr. Jörg Schwenk},
  title       = {Sicherheit und Kryptographie im Internet},
  ISBN        = {978-3-658-29259-1},
  publisher   = {Springer Fachmedien Wiesbaden},
  address     = {Springer},
  year        = {2020},
  pages       = {40},
  chapter     = {3},
  note        = {\href{run:./Quellen/SpringerKryptographie.pdf}{export.pdf}},
}

@Misc{WasIstMd5:2019,
  author  = {Stefan Luber and Peter Schmitz},
  month   = {03},
  note    = {\href{run:./Quellen/WasIstMd5.pdf}{export.pdf}},
  title   = {Was ist MD5?},
  year    = {2019},
  url     = {https://www.security-insider.de/was-ist-md5-a-811330/},
  urldate = {2020-11-23},
}

@Misc{InitDateiAufbau:2020,
  author  = {instantiations},
  month   = {09},
  note    = {\href{run:./Quellen/initialisierungsdatei_aufbau.pdf}{export.pdf}},
  title   = {.INI file syntax},
  year    = {2017},
  url     = {https://www.instantiations.com/docs/90/sg/wwhelp/wwhimpl/common/html/wwhelp.htm#href=stug504.html&single=true},
  urldate = {2020-11-24},
}

@Comment{jabref-meta: databaseType:bibtex;}
