% Encoding: UTF-8

@misc{Deadlyhappen2014,
 author = {Deadlyhappen},
 month = {12},
 title = {Osi Iso Schichtenmodell},
 url = {https://de.wikipedia.org/wiki/Datei:ISO-OSI-7-Schichten-Modell(in_Deutsch).svg},
 urldate = {2020-10-20},
 year = {2014}
}

@book{SpringerKryptographie:2020,
 address = {Springer},
 author = {Prof. Dr. JÃ¶rg Schwenk},
 chapter = {3},
 isbn = {978-3-658-29259-1},
 note = {\href{run:./Quellen/SpringerKryptographie.pdf}{SpringerKryptographie.pdf}},
 pages = {40},
 publisher = {Springer Fachmedien Wiesbaden},
 title = {Sicherheit und Kryptographie im Internet},
 year = {2020}
}
